@ARTICLE{2009Pineda,
  author =       {{Pineda}, J.~E. and {Rosolowsky}, E.~W. and {Goodman},
                  A.~A.},
  title =        "{The Perils of Clumpfind: the Mass Spectrum of Substructures in Molecular Clouds}",
  journal =      {\apj},
  year =         2009,
  volume =       699,
  pages =        {L134-L138},
  doi =          {10.1088/0004-637X/699/2/L134},
  adsurl =       {http://adsabs.harvard.edu/abs/2009ApJ...699L.134P},
  adsnote =      {Provided by the SAO/NASA Astrophysics Data System}
}

@ARTICLE{1994Williams,
  author =       {{Williams}, J.~P. and {de Geus}, E.~J. and {Blitz},
                  L.},
  title =        "{Determining structure in molecular clouds}",
  journal =      {\apj},
  year =         1994,
  volume =       428,
  pages =        {693-712},
  doi =          {10.1086/174279},
  adsurl =       {http://adsabs.harvard.edu/abs/1994ApJ...428..693W},
  adsnote =      {Provided by the SAO/NASA Astrophysics Data System}
}

@InProceedings{CupidAdass,
  author =       {{Berry}, D.~S. and {Reinhold}, K. and {Jenness}, T. and {Economou}, F.},
  title =        {{CUPID: A Clump Identification and Analysis Package}},
  booktitle =    {Astronomical Data Analysis Software and Systems XVI},
  pages =        {425-428},
  year =         2007,
  editor =       {{Shaw}, R.~A. and {Hill}, F. and {Bell}, D.~J.},
  volume =       {376},
  series =       {\aspconf},
  address =      {San Francisco},
  publisher =    {ASP},
}

@Misc{SUN255,
  author =       {{Berry}, D.~S},
  title =        "{CUPID -- A 3D Clump Identification and Analysis Package}",
  howpublished = {Starlink User Note 255, Starlink Project, STFC},
  year =         2013,
}

@InProceedings{StarlinkAdass,
  author =       {{Berry}, D.~S. and {Currie}, M. and {Jenness}, T. and
                  {Draper}, P. and {Bell}, G. and {Tilanus}, R.},
  title =        {{Starlink 2012: The Kapuahi Release}},
  booktitle =    {Astronomical Data Analysis Software and Systems XXII},
  pages =        {247-250},
  year =         2013,
  editor =       {{Friedel}, D.N.},
  volume =       {475},
  series =       {\aspconf},
  address =      {San Francisco},
  publisher =    {ASP},
}

