@webpage{fits-y2k,
title="Year-2000 DATExxxx Agreement",
url="ftp://nssdc.gsfc.nasa.gov/pub/fits/year2000_announcement.txt",
}




@article{nost-100-2,
    author = {{Hanisch}, R.~J. and {Farris}, A. and {Greisen},
                  E.~W. and {Pence}, W.~D. and {Schlesinger},
                  B.~M. and {Teuben}, P.~J. and {Thompson}, R.~W. and
                  {Warnock}, A.},
    title = "Definition of the Flexible Image Transport System {(FITS)}",
    journal = {Astronomy and Astrophysics},
    year = 2001,
    month = sep,
    volume = 376,
    pages = {359--380},
    url = {http://ukads.nottingham.ac.uk/cgi-bin/nph-bib_query?bibcode=2001A%26A...376..359H&db_key=AST},
    adsnote = {Provided by the NASA Astrophysics Data System}
}


@Misc{fitswcs1,
  author = 	 {Eric W Greisen and Mark Calabretta},
  title = 	 {Representations of World Coordinates in {FITS}
                  {(``Paper~I'')}},
  year = 	 1999,
  note =	 {Draft},
  url =		 {http://www.cv.nrao.edu/fits/documents/wcs/wcs.html}
}

@Misc{fitswcs2,
  author = 	 {Mark Calabretta and Eric W Greisen},
  title = 	 {Representations of Celestial Coordinates in {FITS}
                  {(``Paper~II'')}},
  year = 	 1999,
  note =	 {Draft},
  url =		 {http://www.cv.nrao.edu/fits/documents/wcs/wcs.html}
}

@Misc{fitswcs3,
  author = 	 {Eric W Greisen},
  title = 	 {Representations of Spectral Coordinates in {FITS}
                  {(``Paper~III'')}},
  year = 	 1999,
  note =	 {Draft},
  url =		 {http://www.cv.nrao.edu/fits/documents/wcs/wcs.html}
}


