@Article{fitswcs1,
  author =       {E. W. Greisen and M. R. Calabretta},
  title =        {Representations of World Coordinates in {FITS}},
  journal =      {Astronomy and Astrophysics},
  year =         2002,
  volume =       395,
  number =       3,
  pages =        {1061-1076},
  month =        dec,
  note =         {`Paper~I', also available at \cite{fitswcsurl}}
}

@Article{fitswcs2,
  author =       {M. R. Calabretta and E. W. Greisen},
  title =        {Representations of Celestial Coordinates in {FITS}},
  journal =      {Astronomy and Astrophysics},
  year =         2002,
  volume =       395,
  number =       3,
  pages =        {1077-1122},
  month =        dec,
  note =         {`Paper~II', also available at \cite{fitswcsurl}}
}



@misc{fitswcsurl,
  author =       {M. R. Calabretta and others},
  title =        {{FITS WCS} pages},
  howpublished = {Web page [cited May 2003]},
  note =         {\texttt{http://www.atnf.csiro.au/people/mcalabre/WCS/}}
}

