@BOOK{latexcomp,
  AUTHOR = "Michel Gossens and Frank Mittelbach and Alexander Samarin",
  TITLE = "The \LaTeX\ Companion",
  PUBLISHER = "Addison-Wesley",
  YEAR = "1994",
  NOTE = "ISBN~0-201-54199-8"}

@BOOK{texbook,
  AUTHOR = "Donald Knuth",
  TITLE = "The \TeX\ book",
  PUBLISHER = "Addison-Wesley",
  YEAR = "1986",
  NOTE = "ISBN~0-201-13448-9"}

@MISC{sc9,
  AUTHOR = "M. Lawden",
  TITLE = "\xref{\LaTeX\ Cook-Book, SC/9}{sc9}{}",
  MONTH = "May",
  YEAR = "1997",
  NOTE = "\newline http://www.starlink.ac.uk/cgi-bin/htxserver/sc9.htx/sc9.html"}

@MISC{sun15,
  AUTHOR = "D.L. Terrett",
  TITLE = "\xref{PGPLOT --- Graphics Subroutine Library, SUN/15}{sun15}{}", 
  MONTH = "July",
  YEAR = "1995",
  NOTE = "\newline http://www.starlink.ac.uk/cgi-bin/htxserver/sun15.htx/sun15.html"}

@MISC{sun85,
  AUTHOR = "P.T. Wallace and D.L. Terrett",
  TITLE = "\xref{SGS --- Simple Graphics System, SUN/85}{sun85}{}", 
  MONTH = "July",
  YEAR = "1995",
  NOTE = "\newline http://www.starlink.ac.uk/cgi-bin/htxserver/sun85.htx/sun85.html"}

@MISC{sun93,
  AUTHOR = "J. Murray",
  TITLE = "\xref{\TeX\ --- A Superior document preparation system, SUN/93}{sun93}{}", 
  MONTH = "April",
  YEAR = "1995",
  NOTE = "\newline http://www.starlink.ac.uk/cgi-bin/htxserver/sun93.htx/sun93.html"}

@MISC{sun129,
  AUTHOR = "M.J. Bly and P.M. Allen",
  TITLE = "\xref{XDISPLAY - Setting remote X windows, SUN/129}{sun129}{}", 
  MONTH = "March",
  YEAR = "1996",
  NOTE = "\newline http://www.starlink.ac.uk/cgi-bin/htxserver/sun129.htx/sun129.html"}

@MISC{sun199,
  AUTHOR = "M.D. Lawden",
  TITLE = "\xref{Star2HTML - Converting Starlink Documents to Hypertext, SUN/199}{sun199}{}",
  MONTH = "March",
  YEAR = "1996",
  NOTE = "\newline http://www.starlink.ac.uk/cgi-bin/htxserver/sun199.htx/sun199.html"}

@MISC{sgp28,
  AUTHOR = "M.D. Lawden",
  TITLE = "\xref{Starlink Documentation Production, SGP/28}{sgp28}{}",
  MONTH = "November",
  YEAR = "1995",
  NOTE = "\newline http://www.starlink.ac.uk/cgi-bin/htxserver/sgp28.htx/sgp28.html"}

@MISC{sgp50,
  AUTHOR = "M.D. Lawden",
  TITLE = "\xref{Starlink Document Styles, SGP/50}{sgp50}{}",
  MONTH = "December",
  YEAR = "1996",
  NOTE = "\newline http://www.starlink.ac.uk/cgi-bin/htxserver/sgp50.htx/sgp50.html"}

@MISC{eps,
  AUTHOR = "Keith Reckdahl",
  TITLE = "\htmladdnormallink{Using EPS Graphics in LaTeX2e Documents}
{http://www.starlink.ac.uk/\~{}acc/tex/doc/latex/graphics/epslatex.ps}",
  MONTH = "February",
  YEAR = "1997",
  NOTE = "\newline http://www.starlink.ac.uk/\~{}acc/tex/doc/latex/graphics/epslatex.ps"}

@MISC{graphics,
  AUTHOR = "D. P. Carlisle",
  TITLE = "\htmladdnormallink{Packages in the graphics bundle}
{http://www.starlink.ac.uk/\~{}acc/tex/doc/latex/graphics/grfguide.ps}",
  MONTH = "October",
  YEAR = "1996",
  NOTE = "\newline http://www.starlink.ac.uk/\~{}acc/tex/doc/latex/graphics/grfguide.ps"}

@MISC{floatflt,
  AUTHOR = "Mats Dahlgren",
  TITLE = "\htmladdnormallink{Welcome to the floatflt package}
{http://www.starlink.ac.uk/\~{}acc/tex/doc/latex/floatflt/floatflt.dvi}",
  MONTH = "February",
  YEAR = "1996",
  NOTE = "\newline http://www.starlink.ac.uk/\~{}acc/tex/doc/latex/floatflt/floatflt.dvi"}

@MISC{subfigure,
  AUTHOR = "Steven Douglas Cochran",
  TITLE = "\htmladdnormallink{The subfigure package}
{http://www.starlink.ac.uk/\~{}acc/tex/doc/latex/styles/subfigure.dvi}",
  MONTH = "March",
  YEAR = "1995",
  NOTE = "\newline http://www.starlink.ac.uk/\~{}acc/tex/doc/latex/styles/subfigure.dvi"}

@BOOK{lamport,
  AUTHOR = "Leslie Lamport",
  TITLE = "\LaTeX: A Document Preparation System",
  EDITION = "Second",
  PUBLISHER = "Addison Wesley",
  YEAR = "1994",
  NOTE = "ISBN~0-201-52983-1"}

@MISC{dvips,
  AUTHOR = "Tomas Rokicki",
  TITLE = "\htmladdnormallink{Dvips: A DVI-to-PostScript Translator}
{http://www.starlink.ac.uk/\~{}acc/tex/doc/programs/dvipsk.dvi}",
  MONTH = "January",
  YEAR = "1995",
  NOTE = "\newline http://www.starlink.ac.uk/\~{}acc/tex/doc/programs/dvipsk.dvi"}

@MISC{xv,
  AUTHOR = "John Bradley",
  TITLE = "\htmladdnormallink{xv: Interactive Image Display for the X Window System} 
{http://www.starlink.ac.uk/\~{}acc/tex/xvdocs.ps}",
  YEAR = "1994",
  NOTE = "\newline http://www.starlink.ac.uk/\~{}acc/tex/xvdocs.ps"}

@MISC{bibtex,
  AUTHOR = "Oren Patashnik",
  TITLE = "\htmladdnormallink{BIBTeXing} 
{http://www.starlink.ac.uk/\~{}acc/tex/doc/bibtex/btxdoc.dvi}",
  YEAR = "1988",
  MONTH = "February",
  NOTE = "\newline http://www.starlink.ac.uk/\~{}acc/tex/doc/bibtex/btxdoc.dvi"}

@MISC{makeindex,
  AUTHOR = "Leslie Lamport",
  TITLE = "\htmladdnormallink{MakeIndex: An Index Processor for \LaTeX} 
{http://www.starlink.ac.uk/\~{}acc/tex/doc/makeindex/makeindex.dvi}",
  YEAR = "1987",
  MONTH = "February",
  NOTE = "\newline http://www.starlink.ac.uk/\~{}acc/tex/doc/makeindex/makeindex.dvi"}

@MISC{dvi2vdu,
  AUTHOR = "Andrew Trevorrow",
  TITLE = "\htmladdnormallink{DVItoVDU User Guide} 
{http://www.starlink.ac.uk/\~{}acc/tex/doc/programs/dvitovdu.dvi}",
  YEAR = "1988",
  MONTH = "October",
  NOTE = "\newline http://www.starlink.ac.uk/\~{}acc/tex/doc/programs/dvitovdu.dvi"}

@MISC{dvican,
  AUTHOR = "Nelson H.F. Beebe",
  TITLE = "\htmladdnormallink{DVIxxx: Display \TeX\ DVI Files on Assorted Output Devices} 
{http://www.starlink.ac.uk/\~{}acc/tex/doc/programs/dviman.dvi}",
  YEAR = "1987",
  MONTH = "October",
  NOTE = "\newline http://www.starlink.ac.uk/\~{}acc/tex/doc/programs/dvitcan.dvi"}
