


@Book{wall,
  author =	 {Larry Wall and Tom Christiansen and Randal L. Schwartz},
  title = 	 {Programming Perl},
  publisher = 	 {O'Reilly},
  year = 	 1996,
  edition =	 {2nd},
  url = 	 {http://perl.oreilly.com/},
  isbn = 	 {1-56592-149-6}
}

@book{schwartz97,
  author =	 {Randal L Schwartz and Tom Christiansen},
  title = 	 {Learning Perl},
  publisher = 	 {O'Reilly},
  year = 	 1997,
  edition =	 {2nd}
}

@Book{nutshell,
  author =	 {Daniel Gilly},
  title = 	 {Unix in a Nutshell: System {V} Edition},
  publisher = 	 {O'Reilly},
  year = 	 1992,
  isbn =	 {1-56592-001-5},
  url =		 {http://www.oreilly.com/catalog/unutv/}
}

@Book{quigley,
  author =	 {Ellie Quigley},
  title = 	 {Unix Shells by Example},
  publisher = 	 {Prentice Hall},
  year = 	 1997,
  isbn =	 {0-13-460866-6}
}

@Book{arnold98,
  author =	 {Ken Arnold and James Gosling},
  title = 	 {The {Java} Programming Language},
  publisher = 	 {Addison-Wesley},
  edition =	 {2nd},
  year = 	 1998,
  series =	 {The Java Series},
  isbn =	 {0-201-31006-6}
}

@Book{metcalf96,
  title =	{Fortran 90/95 Explained},
  author =	{Metcalf and Reid}, 
  publisher =	{Oxford University Press}, 
  year =	1996,
  isbn = 	{0-19-851888-9}
}


@book{metcalfsometime,
  author =	 {Mike Metcalf},
  title = 	 {Effective Fortran 77},
  publisher = 	 {??},
  year = 	 {??}
}

@Book{dowd,
  author =	{Kevin Dowd and Charles R Severance},
  title =	{High Performance Computing},
  publisher =	{O'Reilly},
  year =	1998,
  edition =	{2nd},
  isbn = 	{1-56592-312-X}
}

@Book{stroustrup,
  author =	{Bjarne Stroustrup},
  title =	{The C++ Programming Language},
  edition =	{3rd},
  publisher =	{Addison-Wesley}, 
  year =	{1998}, 
  isbn =	{0-201-53992-6}
}

@Unpublished{yayc,
  author = 	 {Keith H Bierman},
  title = 	 {You and Your Compiler},
  note = 	 {SunScope 94 Conference Proceedings},
  month =	 feb,
  year =	 1991,
  url =		 {http://sunsite.doc.ic.ac.uk/sun/Papers/SunPerfOv+references/you_and_your_compiler.ps.gz}
}

@Book{sunncg,
  author =	 {{Sun Microsystems}},
  title = 	 {Numerical Computation Guide},
  publisher = 	 {SunSoft},
  series =	 {SunSoft WorkShop SPARCompiler},
  year = 	 1995,
  note =	 {Sun part number 802-3254-10}
}

@Book{sundebug,
  author =	 {{Sun Microsystems}},
  title = 	 {Debugging a Program},
  publisher = 	 {SunSoft},
  year = 	 1995,
  series =	 {SunSoft WorkShop SPARCworks 3.1},
  note =	 {Sun part number 802-3517-10}
}

@Book{sunf77,
  author =	{{Sun Microsystems}},
  title =	{Fortran 77 4.0 User's Guide},
  publisher =	{SunSoft},
  series =	{SunSoft WorkShop SPARCompiler},
  year =	1995,
  note =	{Sun part number 802-2997-10}
}

@Book{lamport,
  author =	 {Leslie Lamport},
  title = 	 {{LaTeX}: A Document Preparation System},
  publisher = 	 {Addison Wesley},
  year = 	 1994,
  edition =	 {2nd},
  isbn = 	 {0-201-52983-1}
}


@Book{nr,
  author =	 {William H Press and Saul A Teukolsky and William T Vetterling and Brian P Flannery},
  title = 	 {Numerical Recipes in C: The Art of Scientific Computing},
  publisher = 	 {Cambridge University Press},
  year = 	 1992,
  edition =	 {2nd},
  isbn = 	 {0-521-43108-5},
  url =		 {http://www.nr.com}
}



@Book{kopka,
  author =	 {Helmut Kopka and Patrick W. Daly},
  title = 	 {A guide to {LaTeX2e}},
  publisher = 	 {Addison-Wesley},
  year = 	 1995,
  edition =	 {2nd},
  isbn = 	 {0-201-42777-X}
}



@Book{diller,
  author =	 {Antoni Diller},
  title = 	 {{LaTeX} Line by Line},
  publisher = 	 {John Wiley},
  year = 	 1993,
  isbn =	 {0-471-93471-2}
}

@Book{goossens,
  author =	 {Michel Goossens and Frank Mittelback and Alexander Samarin},
  title = 	 {The {LaTeX} Companion},
  publisher = 	 {Addison Wesley},
  year = 	 1993,
  isbn = 	 {0-201-54199-8}
}


@Book{knuth,
  author =	 {Donald Knuth},
  title = 	 {The {TeXbook}},
  publisher = 	 {Addison-Wesley},
  series =	 {Computers and Typesetting},
  volume = 	 {A},
  year = 	 1984
}

@Book{kr,
  author =	 {Brian W Kernighan and Dennis M Ritchie},
  title = 	 {The {C} Programming Language},
  publisher = 	 {Prentice Hall},
  year = 	 1988,
  edition =	 {2nd},
  isbn = 	 {0-13-110362-8}
}

@article{goldberg91,
  author =	{David Goldberg},
  title =	{What Every Computer Scientist Should Know About Floating Point
			Arithmetic},
  journal =	{Computing Surveys},
  volume =	23,
  number =	1,
  pages =	{5--48},
  month =	mar,
  year =	1991,
  note =	{Reprinted in [sunncg], and available within 
			Sun's AnswerBook system}
}

@Article{hauser96,
  author = 	 {John R Hauser},
  title = 	 {Handling Floating-Point Exceptions in Numeric Programs},
  journal = 	 {{ACM} Transactions on Programming Languages and Systems},
  year = 	 1996,
  volume =	 18,
  number =	 2,
  pages =	 {139--174},
  url =		 {http://http.cs.berkeley.edu/%7Ejhauser/exceptions/HandlingFloatingPointExceptions.html}
}




@TechReport{kahan96,
  author = 	 {William Kahan},
  title = 	 {{IEEE} Standard 754 for Binary Floating-Point Arithmetic},
  type = 	 {Lecture notes},
  institution =  {University of California, Berkeley},
  year = 	 1996,
  url =	 {http://http.cs.berkeley.edu/%7Ewkahan/ieee754status/ieee754.ps}
}


@TechReport{demmel,
  author = 	{J Demmel},
  title = 	{Basic Issues in Floating Point Arithmetic and Error Analysis},
  type =	{Lecture Notes},
  institution = {University of California, Berkeley},
  year = 	1996,
  url =	{http://www.cs.berkeley.edu/%7Edemmel/cs267/lecture21/lecture21.html}
}
