@ARTICLE{1982QJRAS..23..485D,
  author =       {{Disney}, M.~J. and {Wallace}, P.~T.},
  title =        "{STARLINK}",
  journal =      {\qjras},
  year =         1982,
  month =        dec,
  volume =       23,
  pages =        485,
  adsurl =       {http://adsabs.harvard.edu/abs/1982QJRAS..23..485D},
  adsnote =      {Provided by the SAO/NASA Astrophysics Data System}
}

@INPROCEEDINGS{2004SPIE.5493..262D,
  author =       {{Dolensky}, M. and {Tody}, D.},
  title =        "{The Simple Spectral Access protocol}",
  booktitle =    {Optimizing Scientific Return for Astronomy through
                  Information Technologies},
  year =         2004,
  series =       {Proc.\ SPIE},
  volume =       5493,
  editor =       {{Quinn}, P.~J. and {Bridger}, A.},
  month =        sep,
  pages =        {262-268},
  doi =          {10.1117/12.553167},
  adsurl =       {http://adsabs.harvard.edu/abs/2004SPIE.5493..262D},
  adsnote =      {Provided by the SAO/NASA Astrophysics Data System}
}

@INPROCEEDINGS{2005ASPC..347..119G,
  author =       {{Gray}, N. and {Jenness}, T. and {Allan}, A. and
                  {Berry}, D.~S. and {Currie}, M.~J. and {Draper},
                  P.~W. and {Taylor}, M.~B. and {Cavanagh}, B.},
  title =        "{Porting the Starlink Software Collection to GNU
                  Autotools}",
  booktitle =    {Astronomical Data Analysis Software and Systems XIV},
  year =         2005,
  series =       {ASP Conf.\ Ser.},
  volume =       347,
  editor =       {{Shopbell}, P. and {Britton}, M. and {Ebert}, R.},
  month =        dec,
  pages =        119,
  adsurl =       {http://adsabs.harvard.edu/abs/2005ASPC..347..119G},
  adsnote =      {Provided by the SAO/NASA Astrophysics Data System}
}

@ARTICLE{Cavanagh2008,
  author =       {{Cavanagh}, B. and {Jenness}, T. and {Economou},
                  F. and {Currie}, M.~J.},
  title =        "{The ORAC-DR data reduction pipeline}",
  journal =      {Astron. Nactr.},
  keywords =     {methods: data analysis, techniques: image
                  processing},
  year =         2008,
  month =        mar,
  volume =       329,
  pages =        {295-297},
  doi =          {10.1002/asna.200710944},
  adsurl =       {http://adsabs.harvard.edu/abs/2008AN....329..295C},
  adsnote =      {Provided by the SAO/NASA Astrophysics Data System}
}

@INPROCEEDINGS{2012ASPC..461..825B,
  author =       {{Berry}, D.~S. and {Jenness}, T.},
  title =        "{New Features in AST: A WCS Management and
                  Manipulation Library}",
  booktitle =    {Astronomical Data Analysis Software and Systems XXI},
  year =         2012,
  series =       {\aspconf},
  volume =       461,
  editor =       {{Ballester}, P. and {Egret}, D. and {Lorente},
                  N.~P.~F.},
  month =        sep,
  pages =        825,
  adsurl =       {http://adsabs.harvard.edu/abs/2012ASPC..461..825B},
  adsnote =      {Provided by the SAO/NASA Astrophysics Data System}
}

@ARTICLE{2013MNRAS.430.2545C,
  author =       {{Chapin}, E.~L. and {Berry}, D.~S. and {Gibb},
                  A.~G. and {Jenness}, T. and {Scott}, D. and
                  {Tilanus}, R.~P.~J. and {Economou}, F. and
                  {Holland}, W.~S.  },
  title =        "{SCUBA-2: iterative map-making with the
                  Sub-Millimetre User Reduction Facility}",
  journal =      {\mnras},
  keywords =     {methods: data analysis, methods: observational,
                  techniques: image processing, submillimetre:
                  general},
  year =         2013,
  month =        apr,
  volume =       430,
  pages =        {2545-2573},
  doi =          {10.1093/mnras/stt052},
  adsurl =       {http://adsabs.harvard.edu/abs/2013MNRAS.430.2545C},
  adsnote =      {Provided by the SAO/NASA Astrophysics Data System}
}

@ARTICLE{2013PASP..125.1031B,
   author = {{Brown}, T.~M. and others},
    title = "{Las Cumbres Observatory Global Telescope Network}",
  journal = {\pasp},
 keywords = {Astronomical Instrumentation},
     year = 2013,
    month = sep,
   volume = 125,
    pages = {1031-1055},
      doi = {10.1086/673168},
   adsurl = {http://adsabs.harvard.edu/abs/2013PASP..125.1031B},
  adsnote = {Provided by the SAO/NASA Astrophysics Data System}
}

@InProceedings{2013ASPC..475..247B,
  author =       {David S. Berry and Malcolm J. Currie and Tim Jenness
                  and Peter W. Draper and Graham S. Bell and Remo
                  P. J. Tilanus},
  title =        {Starlink 2012 - The Kapuahi Release},
  booktitle =    {Astronomical Data Analysis Software and Systems
                  XXII},
  pages =        {247},
  year =         2013,
  editor =       {Doug Friedel},
  volume =       {475},
  series =       {ASP Conf. Ser.},
  address =      {San Francisco},
  publisher =    {ASP},
}

@InProceedings{2013ASPC..475..341C,
  author =       {Malcolm J. Currie},
  title =        {Automated removal of bad-baseline spectra from ACSIS/HARP
                  heterodyne time series},
  booktitle =    {Astronomical Data Analysis Software and Systems
                  XXII},
  pages =        {341},
  year =         2013,
  editor =       {Doug Friedel},
  volume =       {475},
  series =       {ASP Conf. Ser.},
  address =      {San Francisco},
  publisher =    {ASP},
}

@InProceedings{P91_adassxxiii,
  author =       {Frossie Economou and Tim Jenness and Malcolm
                  J. Currie and David S. Berry},
  title =        {Advantages of extensible self-described data
                  formats: Lessons learned from NDF},
  booktitle =    {Astronomical Data Analysis Software and Systems
                  XXIII},
  pages =        {TBD},
  year =         2014,
  editor =       {Nadine Manset and P. Forshay},
  volume =       {TBD},
  series =       {ASP Conf. Ser.},
  address =      {San Francisco},
  publisher =    {ASP},
}
