
@InProceedings{draper05,
  author =       {Peter W. Draper and Alasdair Allan and David
                  S. Berry and Malcolm J. Currie, David Giaretta,
                  Steve Rankin and Norman Gray and Mark B. Taylor},
  title =        {{Starlink} Software Developments},
  crossref =     {adassxiv},
  XXXpages =        {???},
  XXXnote =         {D12}
}

@InProceedings{cavanagh03,
  author =       {Cavanagh, B. and Hirst, P. and Jenness, T. and
                  Economou, F. and Currie, M. J. and Todd, S. and
                  Ryder, S. D.},
  title =        {{ORAC-DR}: One Pipeline for Multiple Telescopes},
  booktitle =    {{ADASS XII}},
  series =       {ASP Conference Series, vol.295},
  editor =       {H. E. Payne and R. I. Jedrzejewski and R. N. Hook},
  pages =        237,
  year =         2003
}

@InProceedings{currie04,
  author =       {Malcolm J Currie},
  title =        {Extending {ORAC-DR} for Offline Processing of {ESO},
                  {INGRID}, and {Classic Cam} data},
  booktitle =    {{ADASS XIII}},
  series =       {{ASP} Conference Series, vol.314},
  editor =       {F. Ochsenbein and M. Allen and D. Egret},
  pages =        460,
  year =         2004,
  XXXnote =         {P4.25}
}

@InProceedings{giaretta05,
  author =       {David L Giaretta and others},
  title =        {Application Engines in the {VO}},
  crossref =     {adassxiv},
  XXXpages =        {???},
  XXXnote =         {O7.3}
}

@Proceedings{adassxiv,
  title =        {{ADASS XIV}},
  series =       {{ASP} Conference Series (to appear)},
  editor =       {P. L. Shopbell and M. C. Britton and R. Ebert},
  year =         2005
}

@Webpage{wheeler02,
  url =          {http://www.dwheeler.com/sloc/redhat71-v1/redhat71sloc.html},
  title =        {More than a Gigabuck: Estimating {GNU/Linux's} Size},
  author =    {David A Wheeler},
  year =      {2002},
  lastchecked = {November 2004}
}



@Webpage{epm,
  url =          {http://www.easysw.com/epm/},
  title =        {{EPM} Home Page},
  author =    {{Easy Software Products}},
  year =      {2005},
  lastchecked = {August 2005}
}

@webpage{gray04,
  url =          {http://purl.org/nxg/note/restfp},
  title =        {{OS\,X} and the {restFP/saveFP} Problem},
  author =    {Norman Gray},
  year =      {2004},
  lastchecked = {September 2005}
}

@Article{wilde91,
  author =       {Norman Wilde and Ross Huitt},
  title =        {A reusable toolset for software dependency analysis},
  journal =      {Journal of Systems and Software},
  year =         1991,
  volume =       14,
  number =       2,
  pages =        {97-102},
  doi =          {10.1016/0164-1212(91)90094-M}
}

@Misc{tuura01,
  author =       {Lassi A Tuura and Lucas Taylor},
  title =        {Ignominy: a tool for software dependency and metric
                  analysis with examples from large {HEP} packages},
  year =         2001,
  organization = {Computing in High Energy and Nuclear Physics},
  url =          {http://www.ihep.ac.cn/~chep01/paper/8-024.pdf},
  lastchecked =  {September 2005},
  note =         {CHEP 01, Beijing}
}

@webpage{debian05,
  url =          {http://www.debian.org/doc/debian-policy/},
  title =        {Debian Policy Manual},
  key =          {Ian Jackson},
  editor =    {Ian Jackson and Christian Schwarz},
  year =      2005,
  lastchecked = {September 2005}
}

