@Book{bradley,
  author =	 {Neil Bradley},
  title = 	 {The Concise {SGML} Companion},
  publisher = 	 {Addison-Wesley},
  year = 	 1997,
  url =		 {http://www.bradley.co.uk/sgmlbook.htm},
  isbn =	 {0-201-41999-8}
}



@Book{goldfarb,
  author =	 {Charles F Goldfarb},
  title = 	 {The {SGML} Handbook},
  publisher = 	 {Oxford University Press},
  year = 	 1990,
  isbn =	 {0-19-853737-9}
}


@manual{iso8879,
  title = 	 {ISO 8879:1986, Information processing 
			-- Text and office systems 
			-- Standard Generalised Markup Language (SGML)},
  organization = {International Organisation for Standardization (ISO)},
  year =	 1986,
  url =		 {http://www.iso.ch/cate/d16387.html}
}

@manual{gentle,
  title = {A Gentle Introduction to {SGML}, Chapter two of
	Guidelines for Electronic Text Encoding and 
	Interchange (TEI P3)},
  key = {Sperberg-McQueen},
  organisation = {The Text Encoding Initiative (TEI)},
  editor = {C. M. Sperberg-McQueen and Lou Burnard},
  url = {http://sable.ox.ac.uk/ota/teip3sg/},
  year = {1994},
  cited = {29 April 1999},
}
